
@article {omnetpaper,
	title = {The OMNeT++ Discrete Event Simulation System},
	author = {Varga , Andr\'{a}s},
	journal = {Proceedings of the European Simulation Multiconference (ESM'2001)},
	year = {2001},
	month = {June}
}



