@techreport{hadi_draft,
  title={A Proposal for Backward ECN for the Internet Protocol (IPv4/IPv6)},
  author={J. Hadi Salim, B. Nandy, N. Seddigh },
  institution={Internet Draft, draftsalim-jhsbnns-ecn-00.txt}
}

@InProceedings{acsmartgrid,
 author    = "A. Choudhari, H. Ramaprasad, T. Paul, J. Kimball, M. Zawodniok, B. McMillin, S. Chellappan",
 title     = {{Stability of a Cyber-Physical Smart Grid System using Cooperating Invariants.}},
 booktitle = {Proceedings of the 37th Annual IEEE International Computer Software and Applications Conference (COMPSAC)},
 year      = {2013},
 isbn      = {},
 pages     = {},
 location  = {Kyoto, Japan},
 doi       = {},
 publisher = {}
}
