% Zawodniok References

@INPROCEEDINGS{Eslamnour09,
author={Eslamnour, B. and Zawodniok, M. and Jagannathan, S.},
booktitle={Wireless Communications and Networking Conference, 2009. WCNC 2009. IEEE},
title={Dynamic Channel Allocation in Wireless Networks using Adaptive Learning Automata},
year={2009},
month={april},
volume={},
number={},
pages={1 -6},
keywords={adaptive learning automata;adaptive pursuit reward-inaction;bandwidth utilization;channel selection;distributed dynamic channel allocation;drop rate;energy consumption;erro probability;network throughput;performance index;radio interface;wireless network;automata theory;bandwidth allocation;error statistics;radio networks;wireless channels;},
doi={10.1109/WCNC.2009.4917686},
ISSN={1525-3511},}


@Article{zawodniok07,
Author={Zawodniok, M. and Jagannathan, S.},
Journal={Wireless Communications, IEEE Transactions on}, 
Title={Predictive Congestion Control Protocol for Wireless Sensor Networks},
Year={2007},
Month=November ,
Volume={6},
Number={11},
Pages={3955 -3963},
Leywords={DPC;DPCC;Lyapunov-based approach;WSN;adaptive back-off interval selection scheme;adaptive flow control;adaptive scheduling scheme;closed-loop stability;decentralized-predictive congestion control protocol;distributed power control;embedded channel estimator algorithm;hop-by-hop feedback information;queue utilization;wireless sensor network;Lyapunov methods;adaptive control;adaptive scheduling;channel estimation;closed loop systems;decentralised control;embedded systems;predictive control;protocols;queueing theory;telecommunication congestion control;wireless sensor networks;},
doi={10.1109/TWC.2007.051035},
ISSN={1536-1276}
}


@inproceedings{
emani_can,
  title={Improvement of CAN BUS Performance by Using Error-Correction
Codes},
  author={Emani, K.C. and Keong Kam and Zawodniok, M.}, 
  booktitle={Region 5 Technical Conference, 2007 IEEE},

  year={2007}, month={April},
volume={},
  number={},
pages={205-210},

  keywords={Reed-Solomon codes, automatic repeat request, controller area
networks, cyclic redundancy check codes, error correction codes, error detection
codes, mathematics computingCAN bus, CRC error-detection method, HARQ scheme,
MATLAB, NS2 simulation, Reed-Solomon technique, controller area network, cyclic
redundancy check method, error-correction codes, hybrid automatic repeat
request}, 
  doi={10.1109/TPSD.2007.4380382},
ISSN={} }

@misc{
Ns2,
   Title = {Network Simulator 2},
  Howpublished = {http://nsnam.isi.edu/nsnam/}
  }

@inproceedings{
surendrazawodniok2010,
author={Surendra, Vikram Reddy and Zawodniok, Maciej},
booktitle={Communication Networks and Services Research Conference (CNSR), 2010 Eighth Annual}, 
title={Distributed Beamforming Using a Scattering Network},
year={2010},
month=may,
pages={116 -123},
doi={10.1109/CNSR.2010.61}
}


@INPROCEEDINGS{surendrazawodniok2011,
author={Surendra, V.R. and Zawodniok, M.},
booktitle={Wireless Communications and Networking Conference (WCNC), 2011 IEEE},
title={Multi-hop framework for battery-less devices using passive RF communication},
year={2011},
month={march},
volume={},
number={},
pages={1149 -1154},
keywords={active communication;backscatter communication;backscattered RF signal;battery-less device;connectivity model;far-away node;k-connectivity;multihop architecture;multihop transmission;passive RF communication;passive tag;radiofrequency identification;sending node;wireless multihop network;backscatter;radiofrequency identification;},
doi={10.1109/WCNC.2011.5779293},
ISSN={1525-3511},}

@INPROCEEDINGS{padaki11,
author={Padaki, A.V. and Zawodniok, M.J.},
booktitle={Computer Communications and Networks (ICCCN), 2011 Proceedings of 20th International Conference on},
title={Theoretical Capacity Analysis for Multi-Hop Backscatter Communication Networks},
year={2011},
month={31 2011-aug. 4},
volume={},
number={},
pages={1 -6},
keywords={RFID system;active RF communication;active reader;energy cost;incident RF signal;multihop backscatter communication networks;passive backscattering communication;passive communication;passive tags;performance optimization;routing schemes;theoretical capacity analysis;wireless sensor networks;backscatter;radiofrequency identification;wireless sensor networks;},
doi={10.1109/ICCCN.2011.6005804},
ISSN={1095-2055},}



@article{Fonda09,
author = {Fonda, James   W. and Zawodniok, Maciej and Jagannathan, S. and Watkins, Steve   E.},
title = {Adaptive Distributed Fair Scheduling for Multiple Channels in Wireless Sensor Networks},
journal = {International Journal of Distributed Sensor Networks},
volume = {5},
number = {6},
pages = {824-833},
year = {2009},
doi = {10.1080/15501320903091043},

URL = {http://www.tandfonline.com/doi/abs/10.1080/15501320903091043},
eprint = {http://www.tandfonline.com/doi/pdf/10.1080/15501320903091043}
}

@article {Xilang07,
author = {Xilang Z.},
author = {Cheng-Zhong X.},
title = {Energy-efficient wireless packet scheduling with quality of service control},
journal = {IEEE Trans. on Mobile Computing},
volume = {6},
pages = {1158},
year = {2007}
}

@book {
sarangap99,
title={Discrete-time neural network control of nonlinear systems},
author={S. Jagannathan and F. L. Lewis},
publish={CRC Press},
pages={149-176},
year={1999}
}

@book {
sarangap07,
title={Wireless ad hoc and sensor networks: protocols, performance, and control},
author={S. Jagannathan},
publish={CRC Press},
pages={1-514},
year={2007}
}

@ARTICLE{
vance08,
author={Vance, J.B. and Kaul, B.C. and Jagannathan, S. and Drallmeier, J.A.},
journal={Control Systems Technology, IEEE Transactions on}, title={Output
Feedback Controller for Operation of Spark Ignition Engines at Lean Conditions
Using Neural Networks},
year={2008},
month={march },
volume={16},
number={2},
pages={214 -228},
keywords={Lyapunov analysis;NO emission reduction;adaptive control;certainty
equivalence principle;closed-loop signal;cycle-to-cycle bifurcation;fuel
efficiency;heat release;neural network controller;nonlinear behavior;nonlinear
cyclic dispersion;output feedback controller;parameter linearity;spark ignition
engines;stoichiometric condition;unburned hydrocarbon;Lyapunov methods;adaptive
control;automobiles;closed loop systems;combustion;control system
analysis;feedback;fuel economy;internal combustion
engines;neurocontrollers;nonlinear control systems;},
doi={10.1109/TCST.2007.903368},
ISSN={1063-6536}}

@ARTICLE{soylemezoglu09, 
author={Soylemezoglu, A. and Zawodniok, M.J. and Jagannathan, S.},
journal={Industrial Electronics, IEEE Transactions on}, 
title={RFID-Based Smart Freezer},
year={2009},
month=july ,
volume={56},
number={7},
pages={2347 -2356},
keywords={distributed-inventory-control;inventory-management scheme;low-temperature chemical management;power control;radio-frequency identification;smart freezer;power control;radiofrequency identification;stock control;},
doi={10.1109/TIE.2009.2017553},
ISSN={0278-0046}}

@ARTICLE{zawodniok06,
Author={Jagannathan, S. and Zawodniok, M. and Shang, Q.},
Journal={Wireless Communications, IEEE Transactions on}, 
title={Distributed power control for cellular networks in the presence of channel uncertainties},
Year={2006},
Month=march,
Volume={5},
Number={3},
Pages={ 540 - 549},
Keywords={ CDMA-based cellular network environment; Rayleigh fading; cellular networks; channel uncertainty estimation; distributed power control scheme; mobile user; outage probability; path loss; radio channel uncertainties; shadowing uncertainties; signal-to-interference ratio; Rayleigh channels; cellular radio; channel estimation; code division multiple access; distributed control; power control; radiofrequency interference; telecommunication congestion control;},
doi={10.1109/TWC.2006.1611084},
ISSN={1536-1276}}


@ARTICLE{Leonardi07,
author={Leonardi, E. and Mellia, M. and Marsan, M.A. and Neri, F.},
journal={Networking, IEEE/ACM Transactions on}, title={Optimal Scheduling and Routing for Maximum Network Throughput},
year={2007},
month=dec. ,
volume={15},
number={6},
pages={1541 -1554},
keywords={IP networks;Internet traffic;admissible traffic patterns;distributed dynamic routing algorithm;flow-level abstract model;maximum network throughput;optimal centralized routing;optimal scheduling algorithms;packet networks;quality-of-service;stochastic Lyapunov function method;IP networks;Internet;Lyapunov methods;distributed algorithms;optimal control;quality of service;scheduling;stochastic processes;telecommunication congestion control;telecommunication network routing;telecommunication traffic;},
doi={10.1109/TNET.2007.896486},
ISSN={1063-6692},}

@INPROCEEDINGS{Hua08,
author={Jiwei Hua and Tao Liang and Zhaoming Lei},
booktitle={Wireless Communications, Networking and Mobile Computing, 2008. WiCOM '08. 4th International Conference on}, title={State Predication Control of Discrete Networked Control Systems},
year={2008},
month=oct.,
volume={},
number={},
pages={1 -4},
keywords={data package loss;delay loss;discrete networked control systems;object prediction model;state predication controller design method;stochastic time-delay;discrete systems;},
doi={10.1109/WiCom.2008.1218},
ISSN={},}

@Book{Gross98,
author = {Gross, Donald; Carl M. Harris},
title = {Fundamentals of Queueing Theory},
publisher = {Wiley},
year = {1998},
}

@ARTICLE{Venkataramanan10,
author={Venkataramanan, V.J. and Xiaojun Lin},
journal={Networking, IEEE/ACM Transactions on}, title={On Wireless Scheduling Algorithms for Minimizing the Queue-Overflow Probability},
year={2010},
month=june ,
volume={18},
number={3},
pages={788 -801},
keywords={asymptotic decay rate;queue-overflow probability;queue-overflow threshold;vector-optimization problem;wireless networks;wireless scheduling algorithms;optimisation;probability;queueing theory;radio networks;scheduling;},
doi={10.1109/TNET.2009.2037896},
ISSN={1063-6692},}



%%%%%%%%%%%%%%%%%%%%%%%%%%%%%%%%%%%%%%%%%%%%%%%%%%%%%
% UAV and Formation Control papers
%%%%%%%%%%%%%%%%%%%%%%%%%%%%%%%%%%%%%%%%%%%%%%%%%%%%%




@ARTICLE{Quad_Dierks10,
author={Dierks, T. and Jagannathan, S.},
journal={Neural Networks, IEEE Transactions on},
title={Output Feedback Control of a Quadrotor UAV Using Neural Networks},
year={2010},
month={jan. },
volume={21},
number={1},
pages={50 -66},
keywords={Lyapunov theory;NN observer;NN virtual control input scheme;aerodynamic friction;angular velocity control;blade flapping;neural networks;nonlinear control;output feedback;quadrotor unmanned aerial vehicle;translational velocity control;Lyapunov methods;angular velocity control;feedback;neurocontrollers;nonlinear control systems;observers;remotely operated vehicles;Algorithms;Biomechanics;Computer Simulation;Feedback;Humans;Neural Networks (Computer);Nonlinear Dynamics;Pattern Recognition, Automated;Systems Theory;},
doi={10.1109/TNN.2009.2034145},
ISSN={1045-9227},}

@INPROCEEDINGS{Quad_Stingu11,
author={Stingu, E. and Lewis, F.L.},
booktitle={Adaptive Dynamic Programming And Reinforcement Learning (ADPRL), 2011 IEEE Symposium on},
title={An approximate Dynamic Programming based controller for an underactuated 6DoF quadrotor},
year={2011},
month={april},
volume={},
number={},
pages={271 -278},
keywords={ADP;adaptive dynamic programming;cost function;function approximation;learning process;local activation function;neural network;optimal control;reinforcement learning;underactuated 6DoF quadrotor;aircraft control;dynamic programming;function approximation;helicopters;learning (artificial intelligence);neural nets;},
doi={10.1109/ADPRL.2011.5967394},
ISSN={},}

@INPROCEEDINGS{Quad_Hwang11,
author={Chih-Lyang Hwang and Hsiu-Ming Wu},
booktitle={Systems, Man, and Cybernetics (SMC), 2011 IEEE International Conference on},
title={A class of under-actuated and uncertain nonlinear dynamic systems by hybrid neural-network-based variable structure control},
year={2011},
month={oct.},
volume={},
number={},
pages={2004 -2010},
keywords={asymptotical tracking;balance control;cart;double inverted pendulum;hybrid neural network;online neural network modeling;uncertain nonlinear dynamic system;under-actuated system;variable structure under-actuated control;motion control;neurocontrollers;nonlinear control systems;pendulums;uncertain systems;variable structure systems;},
doi={10.1109/ICSMC.2011.6083966},
ISSN={1062-922X},}

@article {UAV_Masoud12,
   author = {Masoud, Ahmad},
   affiliation = {Electrical Engineering, King Fahad University of Petroleum and Minerals, Dhahran, 31261 Saudi Arabia},
   title = {A Harmonic Potential Approach for Simultaneous Planning and Control of a Generic UAV Platform},
   journal = {Journal of Intelligent \& Robotic Systems},
   publisher = {Springer Netherlands},
   issn = {0921-0296},
   keyword = {Engineering},
   pages = {153-173},
   volume = {65},
   issue = {1},
   url = {http://dx.doi.org/10.1007/s10846-011-9570-8},
   note = {10.1007/s10846-011-9570-8},
   year = {2012}
}






@ARTICLE{Formation_Dierks10,
author={Dierks, T. and Jagannathan, S.},
journal={Systems, Man, and Cybernetics, Part B: Cybernetics, IEEE Transactions on},
title={Neural Network Output Feedback Control of Robot Formations},
year={2010},
month={april },
volume={40},
number={2},
pages={383 -399},
keywords={Lyapunov theory;angular velocity estimation;backstepping method;combined kinematic-torque output feedback control law;formation stability;kinematic based formation controller;leader follower based method;linear velocity estimation;neural network observer;neural network output feedback control;online weight tuning;robot formation control;robots dynamics;Lyapunov methods;mobile robots;neurocontrollers;observers;position control;robot dynamics;robot kinematics;stability;state feedback;Algorithms;Biomechanics;Computer Simulation;Feedback;Neural Networks (Computer);Robotics;Torque;},
doi={10.1109/TSMCB.2009.2025508},
ISSN={1083-4419},}


@ARTICLE{Formation_Dierks09,
author={Dierks, T. and Jagannathan, S.},
journal={Systems, Man, and Cybernetics, Part B: Cybernetics, IEEE Transactions on},
title={Neural Network Control of Mobile Robot Formations Using RISE Feedback},
year={2009},
month={april },
volume={39},
number={2},
pages={332 -347},
keywords={Lyapunov method;Lyapunov theory;asymptotic stability;backstepping;bounded stability;error feedback;follower robot;kinematic/torque control law;leader-follower-based formation control;mobile robot formation;neural network controller;obstacle avoidance maneuver;online weight tuning;Lyapunov methods;asymptotic stability;collision avoidance;mobile robots;multi-robot systems;neurocontrollers;robot kinematics;torque control;},
doi={10.1109/TSMCB.2008.2005122},
ISSN={1083-4419},}


@INPROCEEDINGS{Formtion_Dierks11,
author={Dierks, T. and Brenner, B. and Jagannathan, S.},
booktitle={Adaptive Dynamic Programming And Reinforcement Learning (ADPRL), 2011 IEEE Symposium on},
title={Near optimal control of mobile robot formations},
year={2011},
month={april},
volume={},
number={},
pages={234 -241},
keywords={Lyapunov methods;adaptive dynamic programming;backstepping design approach;control coefficient matrix;formation stability;infinite horizon optimal tracking control;leader-follower based formation control;mobile robot formation;near optimal control;neural networks;nonholonomic mobile robots;nonlinear optimal control technique;velocity control;Lyapunov methods;dynamic programming;matrix algebra;mobile robots;neurocontrollers;nonlinear control systems;optimal control;position control;stability;velocity control;},
doi={10.1109/ADPRL.2011.5967369},
ISSN={},}



@INPROCEEDINGS{Quad_Formation_Dierks09,
author={Dierks, T. and Jagannathan, S.},
booktitle={American Control Conference, 2009. ACC '09.},
title={Neural network control of quadrotor UAV formations},
year={2009},
month={june},
volume={},
number={},
pages={2990 -2996},
keywords={Lyapunov theory;NN;aerodynamic friction;auxiliary velocity control;interconnection dynamic error;leader-follower formation control;neural network control;quadrotor helicopter UAV formation;spherical coordinate;stability;unmanned aerial vehicle;aerodynamics;aircraft control;friction;helicopters;neurocontrollers;remotely operated vehicles;rotors;stability;velocity control;},
doi={10.1109/ACC.2009.5160591},
ISSN={0743-1619},}












@INPROCEEDINGS{NCS_Xu11,
author={Hao Xu and Jagannathan, S.},
booktitle={Intelligent Control (ISIC), 2011 IEEE International Symposium on},
title={Model-free H-inf stochastic optimal design for unknown linear networked control system zero-sum games via Q-learning},
year={2011},
month={sept.},
volume={},
number={},
pages={198 -203},
keywords={Lyapunov theory;Q-learning;adaptive dynamic programming;adaptive estimator;asymptotic stability;game theoretic Riccati equation;model-free H-inf ; stochastic optimal design;packet loss;random delay;stochastic optimal control approach;unknown linear networked control system;zero-sum games;H-inf; control;Lyapunov methods;adaptive control;asymptotic stability;control system synthesis;delays;dynamic programming;game theory;learning (artificial intelligence);linear systems;networked control systems;stochastic systems;},
doi={10.1109/ISIC.2011.6045415},
ISSN={2158-9860},}

@INPROCEEDINGS{NCS_Xu11b,
author={Hao Xu and Jagannathan, S.},
booktitle={American Control Conference (ACC), 2011},
title={Stochastic optimal control of unknown linear networked control system using Q-learning methodology},
year={2011},
month={29 2011-july 1},
volume={},
number={},
pages={2819 -2824},
keywords={Bellman equation;Lyapunov theory;Q-learning methodology;adaptive dynamic programming;adaptive estimator;asymptotic stability;control signal approximation;forward-in-time;infinite horizon optimal regulation control;networked control system;packet losses;random delays;stochastic optimal control approach;time-based Q-function;unknown system dynamics;Lyapunov methods;asymptotic stability;delays;dynamic programming;learning systems;networked control systems;optimal control;stochastic systems;},
doi={},
ISSN={0743-1619},}

@INPROCEEDINGS{NCS_Lian02,
author={Feng-Li Lian and Moyne, J. and Tilbury, D.},
booktitle={American Control Conference, 2002. Proceedings of the 2002},
title={Optimal controller design and evaluation for a class of networked control systems with distributed constant delays},
year={2002},
month={},
volume={4},
number={},
pages={ 3009 - 3014 vol.4},
keywords={ MIMO systems; common communication network; delay compensation; discrete-time modeling algorithm; distributed actuators; distributed communication delays; distributed constant delays; distributed controllers; distributed sensors; interconnected equipment; multiple distributed communication delays; networked control systems; optimal controller design; optimal controller evaluation; MIMO systems; compensation; control system analysis; control system synthesis; controller area networks; delays; discrete time systems; distributed control; multivariable control systems; optimal control;},
doi={10.1109/ACC.2002.1025250},
ISSN={0743-1619 },}


@INPROCEEDINGS{NCS_Dierks09,
author={Dierks, T. and Jagannathan, S.},
booktitle={Decision and Control, 2009 held jointly with the 2009 28th Chinese Control Conference. CDC/CCC 2009. Proceedings of the 48th IEEE Conference on},
title={Optimal tracking control of affine nonlinear discrete-time systems with unknown internal dynamics},
year={2009},
month={dec.},
volume={},
number={},
pages={6750 -6755},
keywords={Hamilton Jacobi-Bellman equation;Lyapunov techniques;adaptive dynamic programming;affine nonlinear discrete-time systems;control coefficient matrix;dynamic programming techniques;general affine nonlinear discrete-time systems;internal dynamics;online approximators;optimal feedback control signal;optimal tracking control;uniformly ultimately bounded;Lyapunov methods;discrete time systems;dynamic programming;feedback;matrix algebra;nonlinear control systems;optimal control;tracking;},
doi={10.1109/CDC.2009.5399697},
ISSN={0191-2216},}

@article{NCS_AlTamimi2007473,
title = "Model-free Q-learning designs for linear discrete-time zero-sum games with application to H-infinity control",
journal = "Automatica",
volume = "43",
number = "3",
pages = "473 - 481",
year = "2007",
note = "",
issn = "0005-1098",
doi = "10.1016/j.automatica.2006.09.019",
url = "http://www.sciencedirect.com/science/article/pii/S0005109806004249",
author = "Asma Al-Tamimi and Frank L. Lewis and Murad Abu-Khalaf",
keywords = "Adaptive critics",
keywords = "Approximate dynamic programming",
keywords = "Zero-sum games",
keywords = "Policy iterations",
keywords = "H    ∞     optimal control",
keywords = "Q  -function",
keywords = "Q  -learning",
keywords = "Adaptive control"
}


@article{NCS_Nilsson199857,
title = "Stochastic analysis and control of real-time systems with random time delays",
journal = "Automatica",
volume = "34",
number = "1",
pages = "57 - 64",
year = "1998",
note = "",
issn = "0005-1098",
doi = "10.1016/S0005-1098(97)00170-2",
url = "http://www.sciencedirect.com/science/article/pii/S0005109897001702",
author = "Johan Nilsson and Bo Bernhardsson and Björn Wittenmark",
keywords = "Delay compensation",
keywords = "distributed computer control systems",
keywords = "real-time systems",
keywords = "stochastic control",
keywords = "stochastic parameters",
keywords = "timing jitter"
}


@ARTICLE{Baccarelli12,
author={Baccarelli, E. and Cordeschi, N. and Patriarca, T.},
journal={Mobile Computing, IEEE Transactions on},
title={Jointly Optimal Source-Flow, Transmit-Power, and Sending-Rate Control for Maximum-Throughput Delivery of VBR Traffic over Faded Links},
year={2012},
month={march },
volume={11},
number={3},
pages={390 -401},
keywords={APP layer;DL layer;PHY layer;VBR traffic;application layer;closed-form design;connection bandwidth-versus-queue delay trade-off;cross-layer fashion;cumbersome iterative algorithms;data link layer;faded links;fading statistic;jointly optimal source-flow control;last-hop wireless channel;maximum-throughput delivery;media overlay networks;physical layer;protocol stack;queue capacity;sending-rate control;transmit-power control;variable bit rate encoded media contents;wireless applications;control system synthesis;iterative methods;optimal control;power control;protocols;queueing theory;radio links;telecommunication congestion control;telecommunication traffic;wireless channels;},
doi={10.1109/TMC.2011.68},
ISSN={1536-1233},}



@ARTICLE{SMARTG_Minciardi12,
author={Minciardi, R. and Sacile, R.},
journal={Systems Journal, IEEE},
title={Optimal Control in a Cooperative Network of Smart Power Grids},
year={2012},
month={march },
volume={6},
number={1},
pages={126 -133},
keywords={},
doi={10.1109/JSYST.2011.2163016},
ISSN={1932-8184},}

@ARTICLE{Shabdanov12,
author={Shabdanov, S. and Mitran, P. and Rosenberg, C.},
journal={Wireless Communications, IEEE Transactions on},
title={Cross-Layer Optimization Using Advanced Physical Layer Techniques in Wireless Mesh Networks},
year={2012},
month={ },
volume={PP},
number={99},
pages={1 -10},
keywords={},
doi={10.1109/TWC.2012.070212.111859},
ISSN={1536-1276},}

@INPROCEEDINGS{Naware03delayanalysis,
    author = {Vidyut Naware and Lang Tong},
    title = {Delay Analysis of Slotted ALOHA in Capture Channels for the Two User Case},
    booktitle = {31 ST ANN. ALLERTON CONF. ON COMM., CONT. AND COMP., MONTICELLO , IL},
    year = {2003},
    publisher = {}
}



